001  0000096
005  20170614153911.090
008  170614s||||     bl|||||||||||||||||por|u
020    $a9788577531646
040    $aPorto Alegre$bpor
100 1  $aFreire, Paulo
245 10 $aPedagogia do oprimido$cPaulo Freire
250    $a58 ed.
260    $aRio de Janeiro$bPaz e terra$c2014
300    $a253 p.
